101 061000146 3211803792508110832A094101FRB Atlanta            First Tech Federal Cred        
5200First Tech Federal Credit Union     321180379 WEBP2P       0811252508112231321180370000001
6223250707600373022880       0000010000Paul Graham    PAUL GRAHAM           R 1321180371252760
705                                                             First Tech Transfer00011252760
622124101555454058947        0000040000Gordon SorensenGordon Sorenson       R 1321180371252761
705                                              Key Bank deposit from AAFCU weekly00011252761
6223230703802860610801       0000005000Duchesne       Veronique M Duchesne  R 1321180371252762
705                                                  BOA deposit from AAFCU monthly00011252762
82000000060077224269000000000000000000055000321180379                          321180370000001
5200First Tech Federal Credit Union     321180379 CIELN-DEP    0811252508112231321180370000002
6523230760121936480143       0000043000Michael HickmanHickman, Michael V.     1321180371252763
705                                                             First Tech Transfer00011252763
82000000020032307601000000000000000000043000321180379                          321180370000002
5200First Tech Federal Credit Union     321180379 CCDCK-DEP    0811252508112231321180370000003
6223233706661717512364       0001371148               YSM LLC                 1321180371252764
705                                                             First Tech Transfer00011252764
82000000020032337066000000000000000001371148321180379                          321180370000003
5200First Tech Federal Credit Union     321180379 WEBP2P       0811252508112231321180370000004
62232117257811481            0000007500Robinson       Michael J Robinson    R 1321180371252765
705                                                             First Tech Transfer00011252765
82000000020032117257000000000000000000007500321180379                          321180370000004
5200First Tech Federal Credit Union     321180379 PPDSAV-DEP   0812252508122241321180370000005
6323211803799353629869       0001000000               Nyit Seen Wong          1321180371252766
705                                   One-Time OAO Account Funding from Capital One00011252766
6323211803799353710792       0000100000               Marcelino Sanchez       1321180371252767
705                                One-Time OAO Account Funding from State Dept FCU00011252767
6323211803799353734867       0000900000               Sanjay Tiwari           1321180371252768
705                                   One-Time OAO Account Funding from Digital FCU00011252768
82000000060096354111000000000000000002000000321180379                          321180370000005
5200First Tech Federal Credit Union     321180379 PPDCK-DEP    0811252508112231321180370000006
6323211803799353757199       0000000500               Antwan Anderson         1321180371252769
705                             One-Time Transfer from Bank of America(EXT OAO PLD)00011252769
6223211803799353757207       0000001000               Antwan Anderson         1321180371252770
705                             One-Time Transfer from Bank of America(EXT OAO PLD)00011252770
6323211803799353757215       0010000000               Qun Guo                 1321180371252771
705                                        One-Time Transfer from fidelity(EXT OAO)00011252771
6323211803799353757223       0000000500               billy lyons             1321180371252772
705                           One-Time Transfer from CREDIT UNION OF TEXAS(EXT OAO)00011252772
6223211803799353757231       0000001000               billy lyons             1321180371252773
705                           One-Time Transfer from CREDIT UNION OF TEXAS(EXT OAO)00011252773
6323211803799353757249       0000000500               Simon Michael           1321180371252774
705                          One-Time Transfer from JPMORGAN CHASE BANK NA(EXT OAO)00011252774
6223211803799353757256       0000001000               Simon Michael           1321180371252775
705                          One-Time Transfer from JPMORGAN CHASE BANK NA(EXT OAO)00011252775
6323211803799353757264       0003000000               Pankaj Mandloi          1321180371252776
705                                       One-Time Transfer from Chase(EXT OAO PLD)00011252776
6323211803799353757272       0005000000               Lisa Matragrano         1321180371252777
705                                     One-Time Transfer from Capital One(EXT OAO)00011252777
6323211803799353757280       0001000000               Wilfredo Caban          1321180371252778
705                                   One-Time Transfer from BANCO POPULAR(EXT OAO)00011252778
6323211803799353757314       0001100000               Wilfredo Caban          1321180371252779
705                                   One-Time Transfer from BANCO POPULAR(EXT OAO)00011252779
6323211803799353757322       0001100000               Wilfredo Caban          1321180371252780
705                                   One-Time Transfer from BANCO POPULAR(EXT OAO)00011252780
6223211803799353757330       0000050000               Craig Mendence          1321180371252781
705                             One-Time Transfer from Bank of America(EXT OAO PLD)00011252781
6323211803799353757363       0000500000               Craig Mendence          1321180371252782
705                             One-Time Transfer from Bank of America(EXT OAO PLD)00011252782
6323211803799353757389       0000000500               Andrew Givler           1321180371252783
705                                  One-Time Transfer from Frost Bank(EXT OAO PLD)00011252783
6323211803799353757397       0000000500               Donovan Sammons         1321180371252784
705                                         One-Time Transfer from PNC(EXT OAO PLD)00011252784
6223211803799353757405       0000001000               Donovan Sammons         1321180371252785
705                                         One-Time Transfer from PNC(EXT OAO PLD)00011252785
6323211803799353757413       0000000500               Brannon Beasley         1321180371252786
705                                  One-Time Transfer from CAPITAL ONE NA(EXT OAO)00011252786
6223211803799353757421       0000001000               Brannon Beasley         1321180371252787
705                                  One-Time Transfer from CAPITAL ONE NA(EXT OAO)00011252787
6323211803799353757439       0000000500               Stephen Mcclintock      1321180371252788
705                                       One-Time Transfer from Rivermark(EXT OAO)00011252788
6323211803799353757769       0000000500               Diego Guijosa           1321180371252789
705                                       One-Time Transfer from Chase(EXT OAO PLD)00011252789
6223211803799353757777       0000005000               Diego Guijosa           1321180371252790
705                                       One-Time Transfer from Chase(EXT OAO PLD)00011252790
6323211803799353757884       0000000500               Rachel Teague           1321180371252791
705                                          One-Time Transfer from Wisely(EXT OAO)00011252791
6223211803799353757892       0000001000               Rachel Teague           1321180371252792
705                                          One-Time Transfer from Wisely(EXT OAO)00011252792
6323211803799353758031       0010000000               Sankari Subramaniam     1321180371252793
705                                     One-Time Transfer from Capital ONe(EXT OAO)00011252793
6323211803799353758080       0005100000               Janet Soto              1321180371252794
705                                   One-Time Transfer from BANCO POPULAR(EXT OAO)00011252794
6223211803799353758106       0000002000               Jamal Smith             1321180371252795
705                                      One-Time Transfer from US BANK NA(EXT OAO)00011252795
6323211803799353758114       0000000500               Pedro Torrealba         1321180371252796
705                                 One-Time Transfer from Wells Fargo(EXT OAO PLD)00011252796
6223211803799353758122       0000010000               Pedro Torrealba         1321180371252797
705                                 One-Time Transfer from Wells Fargo(EXT OAO PLD)00011252797
6323211803799353758270       0000000500               Garrick Johnson         1321180371252798
705                                       One-Time Transfer from Chime(EXT OAO PLD)00011252798
6223211803799353758288       0000001000               Garrick Johnson         1321180371252799
705                                       One-Time Transfer from Chime(EXT OAO PLD)00011252799
6323211803799353758353       0000000500               Jordan Martin           1321180371252800
705                                     One-Time Transfer from Stride Bank(EXT OAO)00011252800
6223211803799353758361       0000001000               Jordan Martin           1321180371252801
705                                     One-Time Transfer from Stride Bank(EXT OAO)00011252801
6323211803799353758395       0002000000               Sebastian Gobel         1321180371252802
705                                     One-Time Transfer from Capital One(EXT OAO)00011252802
6323211803799353758510       0000050000               Jeanelle Coleman        1321180371252803
705                          One-Time Transfer from Trailhead Credit Union(EXT OAO)00011252803
6223211803799353758593       0000005000               Ashraf Hussaini Syed    1321180371252804
705                                       One-Time Transfer from Chase(EXT OAO PLD)00011252804
6323211803799353758734       0000000500               Brittany Guettich       1321180371252805
705                                     One-Time Transfer from Sutton bank(EXT OAO)00011252805
6223211803799353758742       0000001000               Brittany Guettich       1321180371252806
705                                     One-Time Transfer from Sutton bank(EXT OAO)00011252806
6323211803799353759120       0010000000               Rebecca Brown           1321180371252807
705                                      One-Time Transfer from US BANK NA(EXT OAO)00011252807
6323211803799353759377       0000000500               Serriah Mathews         1321180371252808
705                                       One-Time Transfer from Chase(EXT OAO PLD)00011252808
6223211803799353759385       0000001000               Serriah Mathews         1321180371252809
705                                       One-Time Transfer from Chase(EXT OAO PLD)00011252809
6323211803799353759922       0000000500               Danielle Magee          1321180371252810
705                             One-Time Transfer from Bank of America(EXT OAO PLD)00011252810
6223211803799353759930       0000001000               Danielle Magee          1321180371252811
705                             One-Time Transfer from Bank of America(EXT OAO PLD)00011252811
6323211803799353759948       0000005000               Jordan Hixon            1321180371252812
705                             One-Time Transfer from WELLS FARGO BANK NA(EXT OAO)00011252812
6223211803799353759955       0000001000               Jordan Hixon            1321180371252813
705                             One-Time Transfer from WELLS FARGO BANK NA(EXT OAO)00011252813
6323211803799353760011       0000000500               Banosky Francillon      1321180371252814
705                             One-Time Transfer from Citibank Online(EXT OAO PLD)00011252814
6223211803799353760029       0000001000               Banosky Francillon      1321180371252815
705                             One-Time Transfer from Citibank Online(EXT OAO PLD)00011252815
6323211803799353760060       0000002000               Jeffrey Brady           1321180371252816
705                                   One-Time Transfer from U.S. Bank(EXT OAO PLD)00011252816
6223211803799353760078       0000005000               Tessa Iverson           1321180371252817
705                            One-Time Transfer from FIRST TECHNOLOGY FCU(EXT OAO)00011252817
6223211803799353760540       0000010500               Brittney Maitland       1321180371252818
705                       One-Time Transfer from NAVY FEDERAL CREDIT UNION(EXT OAO)00011252818
6323211803799353760607       0000000500               Matthew Infald          1321180371252819
705                                  One-Time Transfer from UFB Direct(EXT OAO PLD)00011252819
6223211803799353760615       0000001000               Matthew Infald          1321180371252820
705                                  One-Time Transfer from UFB Direct(EXT OAO PLD)00011252820
6323211803799353760623       0000002500               Matthew Infald          1321180371252821
705                                  One-Time Transfer from UFB Direct(EXT OAO PLD)00011252821
6323211803799353760938       0000002500               Maria Zarah Meneses     1321180371252822
705                             One-Time Transfer from Bank of America(EXT OAO PLD)00011252822
6323211803799353760961       0005000000               Ekkehard Priss          1321180371252823
705         One-Time Transfer from Hawaiian Financial Federal Credit Union(EXT OAO)00011252823
6323211803799353761019       0000700000               Oscar Duran             1321180371252824
705                            One-Time Transfer from REDWOOD CREDIT UNION(EXT OAO)00011252824
6323211803799353761068       0000002500               Yashas J Shamaraju      1321180371252825
705                          One-Time Transfer from JPMORGAN CHASE BANK NA(EXT OAO)00011252825
6323211803799353761084       0000000500               Christopher Rosenberg   1321180371252826
705                                   One-Time Transfer from U.S. Bank(EXT OAO PLD)00011252826
6223211803799353761092       0000002000               Christopher Rosenberg   1321180371252827
705                                   One-Time Transfer from U.S. Bank(EXT OAO PLD)00011252827
6323211803799353761159       0000000500               Darnell Combs           1321180371252828
705                                 One-Time Transfer from Wells Fargo(EXT OAO PLD)00011252828
6223211803799353761175       0000001000               Darnell Combs           1321180371252829
705                                 One-Time Transfer from Wells Fargo(EXT OAO PLD)00011252829
6323211803799353761233       0000000500               Michael-Andres Mans     1321180371252830
705                       One-Time Transfer from USAA FEDERAL SAVINGS BANK(EXT OAO)00011252830
6223211803799353761241       0000001000               Michael-Andres Mans     1321180371252831
705                       One-Time Transfer from USAA FEDERAL SAVINGS BANK(EXT OAO)00011252831
6323211803799353761274       0004200000               Neeraj Kumari Bhardwaj  1321180371252832
705                   One-Time Transfer from SANTA CLARA COUNTY FEDERAL CU(EXT OAO)00011252832
6323211803799353761365       0001000000               Anirban Ghosh           1321180371252833
705                          One-Time Transfer from JPMORGAN CHASE BANK NA(EXT OAO)00011252833
6323211803799353761431       0000000500               Ranjeeta Marimuthu Raj  1321180371252834
705                                 One-Time Transfer from Wells Fargo(EXT OAO PLD)00011252834
6323211803799353761555       0000000500               Regis Powell            1321180371252835
705                                 One-Time Transfer from Wells Fargo(EXT OAO PLD)00011252835
6223211803799353761563       0000001000               Regis Powell            1321180371252836
705                                 One-Time Transfer from Wells Fargo(EXT OAO PLD)00011252836
6323211803799353761639       0000005000               Tessa Iverson           1321180371252837
705                            One-Time Transfer from FIRST TECHNOLOGY FCU(EXT OAO)00011252837
6323211803799353761688       0000000500               Jimmy Kyauk             1321180371252838
705                                    One-Time Transfer from BMO (US)(EXT OAO PLD)00011252838
6223211803799353761704       0000050000               Jimmy Kyauk             1321180371252839
705                                    One-Time Transfer from BMO (US)(EXT OAO PLD)00011252839
6323211803799353761878       0000000500               Jaivyon Luncheon        1321180371252840
705                                        One-Time Transfer from USAA(EXT OAO PLD)00011252840
6223211803799353761886       0000001000               Jaivyon Luncheon        1321180371252841
705                                        One-Time Transfer from USAA(EXT OAO PLD)00011252841
6323211803799353761902       0004561489               Kieran Flaherty         1321180371252842
705                                        One-Time Transfer from Fidelity(EXT OAO)00011252842
6323211803799353761944       0000050000               LARRY GILMORE           1321180371252843
705                                  One-Time Transfer from GREEN DOT BANK(EXT OAO)00011252843
6223211803799353761951       0000050000               LARRY GILMORE           1321180371252844
705                                  One-Time Transfer from GREEN DOT BANK(EXT OAO)00011252844
6323211803799353762157       0001200000               Stephen Dupree          1321180371252845
705                                          One-Time Transfer from UMB NA(EXT OAO)00011252845
6323211803799353762298       0000001000               Ryan Gantz              1321180371252846
705                             One-Time Transfer from Bank of America(EXT OAO PLD)00011252846
6223211803799353762306       0000002000               Ryan Gantz              1321180371252847
705                             One-Time Transfer from Bank of America(EXT OAO PLD)00011252847
6323211803799353762421       0000000500               Untima Navarat Na Ayut  1321180371252848
705              One-Time Transfer from OnPoint Community Credit Union(EXT OAO PLD)00011252848
6323211803799353762439       0000002500               Untima Navarat Na Ayut  1321180371252849
705              One-Time Transfer from OnPoint Community Credit Union(EXT OAO PLD)00011252849
6223211803799353762447       0000001000               Untima Navarat Na Ayut  1321180371252850
705              One-Time Transfer from OnPoint Community Credit Union(EXT OAO PLD)00011252850
6323211803799353762496       0000000500               Billy Chavez            1321180371252851
705                                 One-Time Transfer from Wells Fargo(EXT OAO PLD)00011252851
6223211803799353762504       0000001000               Billy Chavez            1321180371252852
705                                 One-Time Transfer from Wells Fargo(EXT OAO PLD)00011252852
6323211803799353762512       0000002500               Billy Chavez            1321180371252853
705                                 One-Time Transfer from Wells Fargo(EXT OAO PLD)00011252853
6323211803799353762595       0000000500               Desaree Fails           1321180371252854
705             One-Time Transfer from COMMUNICATIONS FEDERAL CREDIT UNION(EXT OAO)00011252854
6223211803799353762603       0000001000               Desaree Fails           1321180371252855
705             One-Time Transfer from COMMUNICATIONS FEDERAL CREDIT UNION(EXT OAO)00011252855
6323211803799353762769       0000000500               Zhipeng Chen            1321180371252856
705                                 One-Time Transfer from Wells Fargo(EXT OAO PLD)00011252856
6223211803799353762777       0000005000               Zhipeng Chen            1321180371252857
705                                 One-Time Transfer from Wells Fargo(EXT OAO PLD)00011252857
6323211803799353762801       0025000000               Ryan Stafford           1321180371252858
705                             One-Time Transfer from Bank of America(EXT OAO PLD)00011252858
6323211803799353762850       0002000000               Kari Edwards            1321180371252859
705                  One-Time Transfer from Oregon Community Credit Union (EXT OAO)00011252859
6323211803799353762967       0000000500               steven kapka            1321180371252860
705              One-Time Transfer from Broadview Federal Credit Union(EXT OAO PLD)00011252860
6223211803799353762975       0000001000               steven kapka            1321180371252861
705              One-Time Transfer from Broadview Federal Credit Union(EXT OAO PLD)00011252861
6323211803799353763023       0006100000               Arthur Watson           1321180371252862
705                   One-Time Transfer from BOEING EMPLOYEES CREDIT UNION(EXT OAO)00011252862
6323211803799353763114       0006400000               Arthur Watson           1321180371252863
705                   One-Time Transfer from BOEING EMPLOYEES CREDIT UNION(EXT OAO)00011252863
6323211803799353763130       0000000500               Dora Moore              0321180371252864
6223211803799353763148       0000001000               Dora Moore              0321180371252865
6323211803799353763189       0004500000               Cindy O'Connell         1321180371252866
705                                     One-Time Transfer from Capital One(EXT OAO)00011252866
6323211803799353763288       0000000500               Tina Kasuba             1321180371252867
705                                     One-Time Transfer from Wells Fargo(EXT OAO)00011252867
6223211803799353763304       0000001000               Tina Kasuba             1321180371252868
705                                     One-Time Transfer from Wells Fargo(EXT OAO)00011252868
6223211803799353763387       0000001000               Freddy Martinez         1321180371252869
705                            One-Time Transfer from FIRST TECHNOLOGY FCU(EXT OAO)00011252869
6223211803799353763411       0000010000               Sonia Begnana           1321180371252870
705                                         One-Time Transfer from PNC(EXT OAO PLD)00011252870
6323211803799353763429       0000010000               Sonia Begnana           1321180371252871
705                                         One-Time Transfer from PNC(EXT OAO PLD)00011252871
6323211803799353763585       0005000000               Selena Deckelmann       1321180371252872
705                                  One-Time Transfer from GREEN DOT BANK(EXT OAO)00011252872
6223211803799353763601       0000001000               Zareen Kabir            1321180371252873
705                            One-Time Transfer from EVOLVE BANK ANDTRUST(EXT OAO)00011252873
6323211803799353763619       0000002500               Zareen Kabir            1321180371252874
705                            One-Time Transfer from EVOLVE BANK ANDTRUST(EXT OAO)00011252874
6223211803799353763627       0000005000               Sandeep Pochampally     1321180371252875
705                One-Time Transfer from Digital Federal Credit Union(EXT OAO PLD)00011252875
6323211803799353763718       0000000500               Shanoob Padinjare Pall  1321180371252876
705                            One-Time Transfer from American Express(EXT OAO PLD)00011252876
6223211803799353763726       0000002000               Shanoob Padinjare Pall  1321180371252877
705                            One-Time Transfer from American Express(EXT OAO PLD)00011252877
6323211803799353763973       0000900000               Elaine Werner           1321180371252878
705                                 One-Time Transfer from JP Morgan Chase(EXT OAO)00011252878
6323211803799353764096       0000000500               Ngan Doan               1321180371252879
705                                        One-Time Transfer from US Bank (EXT OAO)00011252879
6223211803799353764104       0000001000               Ngan Doan               1321180371252880
705                                        One-Time Transfer from US Bank (EXT OAO)00011252880
6323211803799353764237       0000000500               Emmanuel St Louis       1321180371252881
705                   One-Time Transfer from Navy Federal Credit Union(EXT OAO PLD)00011252881
6223211803799353764245       0000001000               Emmanuel St Louis       1321180371252882
705                   One-Time Transfer from Navy Federal Credit Union(EXT OAO PLD)00011252882
6323211803799353764351       0000000500               Iakym Abliazov          1321180371252883
705                          One-Time Transfer from JPMORGAN CHASE BANK NA(EXT OAO)00011252883
6223211803799353764369       0000001000               Iakym Abliazov          1321180371252884
705                          One-Time Transfer from JPMORGAN CHASE BANK NA(EXT OAO)00011252884
6323211803799353764377       0000002500               Iakym Abliazov          1321180371252885
705                          One-Time Transfer from JPMORGAN CHASE BANK NA(EXT OAO)00011252885
6323211803799353764534       0000000500               Cherie Olaye            1321180371252886
705                                 One-Time Transfer from Capital One(EXT OAO PLD)00011252886
6323211803799353764542       0001000000               Sean Nakamura           1321180371252887
705                            One-Time Transfer from American Express(EXT OAO PLD)00011252887
6223211803799353764559       0000001000               Cherie Olaye            1321180371252888
705                                 One-Time Transfer from Capital One(EXT OAO PLD)00011252888
6223211803799353764617       0000002500               Arunabha Mukherjee      1321180371252889
705                              One-Time Transfer from BANK OF AMERICA NA(EXT OAO)00011252889
6323211803799353764666       0000050000               Arunabha Mukherjee      1321180371252890
705                              One-Time Transfer from BANK OF AMERICA NA(EXT OAO)00011252890
6323211803799353764773       0000000800               Chidingozi Chikezie     1321180371252891
705                                    One-Time Transfer from M AND T BANK(EXT OAO)00011252891
6223211803799353764781       0000001500               Chidingozi Chikezie     1321180371252892
705                                    One-Time Transfer from M AND T BANK(EXT OAO)00011252892
6223211803799353764955       0000001000               Andrei Comisioneru      1321180371252893
705                            One-Time Transfer from FIRST TECHNOLOGY FCU(EXT OAO)00011252893
6323211803799353764971       0000000500               Kimberly LeClaire       1321180371252894
705                                  One-Time Transfer from MECHANICS BANK(EXT OAO)00011252894
6223211803799353764989       0000010000               Kimberly LeClaire       1321180371252895
705                                  One-Time Transfer from MECHANICS BANK(EXT OAO)00011252895
6323211803799353764997       0000000500               Jesus Paleo Diego       1321180371252896
705                                   One-Time Transfer from Ally Bank(EXT OAO PLD)00011252896
6223211803799353765002       0000001000               Jesus Paleo Diego       1321180371252897
705                                   One-Time Transfer from Ally Bank(EXT OAO PLD)00011252897
6323211803799353765085       0000000500               Devonte Moss            1321180371252898
705                       One-Time Transfer from NAVY FEDERAL CREDIT UNION(EXT OAO)00011252898
6223211803799353765093       0000001000               Devonte Moss            1321180371252899
705                       One-Time Transfer from NAVY FEDERAL CREDIT UNION(EXT OAO)00011252899
6323211803799353765275       0000000500               Shuqing Li              1321180371252900
705                  One-Time Transfer from SOFI BANK NATIONAL ASSOCIATION(EXT OAO)00011252900
6223211803799353765283       0000001000               Shuqing Li              1321180371252901
705                  One-Time Transfer from SOFI BANK NATIONAL ASSOCIATION(EXT OAO)00011252901
6323211803799353765291       0000000500               albert kang             1321180371252902
705                                       One-Time Transfer from Chase(EXT OAO PLD)00011252902
6323211803799353765374       0007500000               Sivakumar Radhakrishna  1321180371252903
705                          One-Time Transfer from JPMORGAN CHASE BANK NA(EXT OAO)00011252903
6323211803799353765424       0000000500               Lucius Shields          1321180371252904
705                            One-Time Transfer from FIRST TECHNOLOGY FCU(EXT OAO)00011252904
6223211803799353765432       0000001000               Lucius Shields          1321180371252905
705                            One-Time Transfer from FIRST TECHNOLOGY FCU(EXT OAO)00011252905
6223211803799353765473       0000010000               Thomas Laeser           1321180371252906
705                                      One-Time Transfer from US BANK NA(EXT OAO)00011252906
6323211803799353765515       0000000500               Asit Patel              1321180371252907
705                                     One-Time Transfer from KeyBank(EXT OAO PLD)00011252907
6223211803799353765523       0000010000               Asit Patel              1321180371252908
705                                     One-Time Transfer from KeyBank(EXT OAO PLD)00011252908
6323211803799353765531       0000000500               Ryan Vance              1321180371252909
705                             One-Time Transfer from Charles Schwab Bank(EXT OAO)00011252909
6223211803799353765549       0000001000               Ryan Vance              1321180371252910
705                             One-Time Transfer from Charles Schwab Bank(EXT OAO)00011252910
6323211803799353765556       0000002500               Ryan Vance              1321180371252911
705                             One-Time Transfer from Charles Schwab Bank(EXT OAO)00011252911
82000002844592879291000000000000000124360789321180379                          321180370000006
5200First Tech Federal Credit Union     321180379 PPDCK-WTH    0811252508112231321180370000007
6273211803794572453          0000010000               Paul Graham             1321180371252912
705                                                             First Tech Transfer00011252912
62732118037944926905         0000040000               Gordon Sorensen         1321180371252913
705                                              Key Bank deposit from AAFCU weekly00011252913
62732118037967723908         0000005000               Veronique Duchesne      1321180371252914
705                                                  BOA deposit from AAFCU monthly00011252914
6373211803799302851068       0000043000               Michael Hickman         1321180371252915
705                                                             First Tech Transfer00011252915
82000000080128472148000000098000000000000000321180379                          321180370000007
5200First Tech Federal Credit Union     321180379 CCDCK-WTH    0811252508112231321180370000008
6273211803799344045282       0001371148               YSM LLC                 1321180371252916
705                                                             First Tech Transfer00011252916
82000000020032118037000001371148000000000000321180379                          321180370000008
5200First Tech Federal Credit Union     321180379 PPDCK-WTH    0811252508112231321180370000009
6273211803799349129438       0000007500               Michael Robinson        1321180371252917
705                                                             First Tech Transfer00011252917
82000000020032118037000000007500000000000000321180379                          321180370000009
5200First Tech Federal Credit Union     321180379 PPDSAV-WTH   0812252508122241321180370000010
63703117611036250587574      0001000000               Nyit Seen Wong          1321180371252918
705                                   One-Time OAO Account Funding from Capital One00011252918
6272560753421010000303833    0000100000               Marcelino Sanchez       1321180371252919
705                                One-Time OAO Account Funding from State Dept FCU00011252919
62721139182545344645         0000900000               Sanjay K Tiwari         1321180371252920
705                                   One-Time OAO Account Funding from Digital FCU00011252920
82000000060049864327000002000000000000000000321180379                          321180370000010
5200First Tech Federal Credit Union     321180379 PPDCK-WTH    0811252508112231321180370000011
627021000322483105070387     0000000500               Antwan  Anderson        1321180371252921
705                             One-Time Transfer from Bank of America(EXT OAO PLD)00011252921
627021000322483105070387     0000001000               Antwan  Anderson        1321180371252922
705                             One-Time Transfer from Bank of America(EXT OAO PLD)00011252922
627101205681399000005863220080010000000               Qun  Guo                1321180371252923
705                                        One-Time Transfer from fidelity(EXT OAO)00011252923
62731107930610210011162371   0000000500               billy  lyons            1321180371252924
705                           One-Time Transfer from CREDIT UNION OF TEXAS(EXT OAO)00011252924
62731107930610210011162371   0000001000               billy  lyons            1321180371252925
705                           One-Time Transfer from CREDIT UNION OF TEXAS(EXT OAO)00011252925
627065400137513425788        0000000500               Simon  Michael          1321180371252926
705                          One-Time Transfer from JPMORGAN CHASE BANK NA(EXT OAO)00011252926
627065400137513425788        0000001000               Simon  Michael          1321180371252927
705                          One-Time Transfer from JPMORGAN CHASE BANK NA(EXT OAO)00011252927
627028000121001000001301845670003000000               Pankaj Kumar Mandloi    1321180371252928
705                                       One-Time Transfer from Chase(EXT OAO PLD)00011252928
63703117611036210275419      0005000000               Lisa  Matragrano        1321180371252929
705                                     One-Time Transfer from Capital One(EXT OAO)00011252929
627021502011086725629        0001000000               Wilfredo  Caban         1321180371252930
705                                   One-Time Transfer from BANCO POPULAR(EXT OAO)00011252930
627021502011086725629        0001100000               Wilfredo  Caban         1321180371252931
705                                   One-Time Transfer from BANCO POPULAR(EXT OAO)00011252931
627021502011086725629        0001100000               Wilfredo  Caban         1321180371252932
705                                   One-Time Transfer from BANCO POPULAR(EXT OAO)00011252932
627121000358325103116110     0000050000               Craig Alan Mendence     1321180371252933
705                             One-Time Transfer from Bank of America(EXT OAO PLD)00011252933
627121000358325103116110     0000500000               Craig Alan Mendence     1321180371252934
705                             One-Time Transfer from Bank of America(EXT OAO PLD)00011252934
627114000093523686183        0000000500               Andrew  Givler          1321180371252935
705                                  One-Time Transfer from Frost Bank(EXT OAO PLD)00011252935
627063214312309381833596     0000000500               Donovan P Sammons       1321180371252936
705                                         One-Time Transfer from PNC(EXT OAO PLD)00011252936
627063214312309381833596     0000001000               Donovan P Sammons       1321180371252937
705                                         One-Time Transfer from PNC(EXT OAO PLD)00011252937
62703117611036214202374      0000000500               Brannon  Beasley        1321180371252938
705                                  One-Time Transfer from CAPITAL ONE NA(EXT OAO)00011252938
62703117611036214202374      0000001000               Brannon  Beasley        1321180371252939
705                                  One-Time Transfer from CAPITAL ONE NA(EXT OAO)00011252939
6273230760122017813000       0000000500               Stephen  Mcclintock     1321180371252940
705                                       One-Time Transfer from Rivermark(EXT OAO)00011252940
627028000121001000002311645990000000500               Diego  Guijosa          1321180371252941
705                                       One-Time Transfer from Chase(EXT OAO PLD)00011252941
627028000121001000002311645990000005000               Diego  Guijosa          1321180371252942
705                                       One-Time Transfer from Chase(EXT OAO PLD)00011252942
6270719224768103668000909722 0000000500               Rachel M Teague         1321180371252943
705                                          One-Time Transfer from Wisely(EXT OAO)00011252943
6270719224768103668000909722 0000001000               Rachel M Teague         1321180371252944
705                                          One-Time Transfer from Wisely(EXT OAO)00011252944
63703117611036190350342      0010000000               Sankari  Subramaniam    1321180371252945
705                                     One-Time Transfer from Capital ONe(EXT OAO)00011252945
637021502011485149835        0005100000               Janet  Soto             1321180371252946
705                                   One-Time Transfer from BANCO POPULAR(EXT OAO)00011252946
627123000220153658567851     0000002000               Smith, Jamal            1321180371252947
705                                      One-Time Transfer from US BANK NA(EXT OAO)00011252947
6270631075137417161762       0000000500               Pedro  Torrealba        1321180371252948
705                                 One-Time Transfer from Wells Fargo(EXT OAO PLD)00011252948
6270631075137417161762       0000010000               Pedro  Torrealba        1321180371252949
705                                 One-Time Transfer from Wells Fargo(EXT OAO PLD)00011252949
627031101279169122924775     0000000500               Garrick  Johnson        1321180371252950
705                                       One-Time Transfer from Chime(EXT OAO PLD)00011252950
627031101279169122924775     0000001000               Garrick  Johnson        1321180371252951
705                                       One-Time Transfer from Chime(EXT OAO PLD)00011252951
627103100195689163443583     0000000500               Jordan  Martin          1321180371252952
705                                     One-Time Transfer from Stride Bank(EXT OAO)00011252952
627103100195689163443583     0000001000               Jordan  Martin          1321180371252953
705                                     One-Time Transfer from Stride Bank(EXT OAO)00011252953
6270311761108231785001       0002000000               Sebastian A Gobel       1321180371252954
705                                     One-Time Transfer from Capital One(EXT OAO)00011252954
62732307556310500009257412   0000050000               Coleman, Jeanelle S.    1321180371252955
705                          One-Time Transfer from Trailhead Credit Union(EXT OAO)00011252955
627028000121001000002373207600000005000               Syed, Ashraf Hussaini   1321180371252956
705                                       One-Time Transfer from Chase(EXT OAO PLD)00011252956
6270412156632072893437167    0000000500               Brittany  Guettich      1321180371252957
705                                     One-Time Transfer from Sutton bank(EXT OAO)00011252957
6270412156632072893437167    0000001000               Brittany  Guettich      1321180371252958
705                                     One-Time Transfer from Sutton bank(EXT OAO)00011252958
627125000105153562065778     0010000000               Rebecca Ann Brown       1321180371252959
705                                      One-Time Transfer from US BANK NA(EXT OAO)00011252959
627028000121001000002311842450000000500               Serriah Marie Mathews   1321180371252960
705                                       One-Time Transfer from Chase(EXT OAO PLD)00011252960
627028000121001000002311842450000001000               Serriah Marie Mathews   1321180371252961
705                                       One-Time Transfer from Chase(EXT OAO PLD)00011252961
627031202084383024965851     0000000500               Danielle Ann Magee      1321180371252962
705                             One-Time Transfer from Bank of America(EXT OAO PLD)00011252962
627031202084383024965851     0000001000               Danielle Ann Magee      1321180371252963
705                             One-Time Transfer from Bank of America(EXT OAO PLD)00011252963
6271220002476331293412       0000005000               Jordan  Hixon           1321180371252964
705                             One-Time Transfer from WELLS FARGO BANK NA(EXT OAO)00011252964
6271220002476331293412       0000001000               Jordan  Hixon           1321180371252965
705                             One-Time Transfer from WELLS FARGO BANK NA(EXT OAO)00011252965
62702100008912029215687      0000000500               Banosky  Francillon     1321180371252966
705                             One-Time Transfer from Citibank Online(EXT OAO PLD)00011252966
62702100008912029215687      0000001000               Francillon, Banosky     1321180371252967
705                             One-Time Transfer from Citibank Online(EXT OAO PLD)00011252967
627122235821158223234804     0000002000               Jeffrey  Brady          1321180371252968
705                                   One-Time Transfer from U.S. Bank(EXT OAO PLD)00011252968
6273211803794584425          0000005000               Iverson, Tessa L.       1321180371252969
705                            One-Time Transfer from FIRST TECHNOLOGY FCU(EXT OAO)00011252969
6372560749743184908030       0000010500               Brittney Janel Maitlan  1321180371252970
705                       One-Time Transfer from NAVY FEDERAL CREDIT UNION(EXT OAO)00011252970
637122287251100005824931     0000000500               Matthew  Infald         1321180371252971
705                                  One-Time Transfer from UFB Direct(EXT OAO PLD)00011252971
637122287251100005824931     0000001000               Matthew  Infald         1321180371252972
705                                  One-Time Transfer from UFB Direct(EXT OAO PLD)00011252972
637122287251100005824931     0000002500               Matthew  Infald         1321180371252973
705                                  One-Time Transfer from UFB Direct(EXT OAO PLD)00011252973
627063100277898162352895     0000002500               Meneses, Maria Zarah B  1321180371252974
705                             One-Time Transfer from Bank of America(EXT OAO PLD)00011252974
627321379070166888           0005000000               Ekkehard  Priss         1321180371252975
705         One-Time Transfer from Hawaiian Financial Federal Credit Union(EXT OAO)00011252975
6273211775860000330735       0000700000               Oscar E Duran           1321180371252976
705                            One-Time Transfer from REDWOOD CREDIT UNION(EXT OAO)00011252976
627071000013637792570        0000002500               Yashas J  Shamaraju     1321180371252977
705                          One-Time Transfer from JPMORGAN CHASE BANK NA(EXT OAO)00011252977
627064103707157801451095     0000000500               Christopher  Rosenberg  1321180371252978
705                                   One-Time Transfer from U.S. Bank(EXT OAO PLD)00011252978
627064103707157801451095     0000002000               Christopher  Rosenberg  1321180371252979
705                                   One-Time Transfer from U.S. Bank(EXT OAO PLD)00011252979
6270260128818228493964       0000000500               Darnell Lamont Combs    1321180371252980
705                                 One-Time Transfer from Wells Fargo(EXT OAO PLD)00011252980
6270260128818228493964       0000001000               Combs, Darnell L.       1321180371252981
705                                 One-Time Transfer from Wells Fargo(EXT OAO PLD)00011252981
6273140742690142849456       0000000500               Michael-Andres  Mans    1321180371252982
705                       One-Time Transfer from USAA FEDERAL SAVINGS BANK(EXT OAO)00011252982
6273140742690142849456       0000001000               Michael-Andres  Mans    1321180371252983
705                       One-Time Transfer from USAA FEDERAL SAVINGS BANK(EXT OAO)00011252983
6273211769722115599          0004200000               Neeraj Kumari D Bhardw  1321180371252984
705                   One-Time Transfer from SANTA CLARA COUNTY FEDERAL CU(EXT OAO)00011252984
627325070760952833692        0001000000               Anirban  Ghosh          1321180371252985
705                          One-Time Transfer from JPMORGAN CHASE BANK NA(EXT OAO)00011252985
6271210428823524054032       0000000500               Ranjeeta  Marimuthu Ra  1321180371252986
705                                 One-Time Transfer from Wells Fargo(EXT OAO PLD)00011252986
6271119006599950700295       0000000500               Regis R Powell          1321180371252987
705                                 One-Time Transfer from Wells Fargo(EXT OAO PLD)00011252987
6271119006599950700295       0000001000               Regis R Powell          1321180371252988
705                                 One-Time Transfer from Wells Fargo(EXT OAO PLD)00011252988
6273211803794584425          0000005000               Iverson, Tessa L.       1321180371252989
705                            One-Time Transfer from FIRST TECHNOLOGY FCU(EXT OAO)00011252989
6270710256614840552096       0000000500               Jimmy  Kyauk            1321180371252990
705                                    One-Time Transfer from BMO (US)(EXT OAO PLD)00011252990
6270710256614840552096       0000050000               Kyauk, Jimmy            1321180371252991
705                                    One-Time Transfer from BMO (US)(EXT OAO PLD)00011252991
6273140742690236393839       0000000500               Jaivyon  Luncheon       1321180371252992
705                                        One-Time Transfer from USAA(EXT OAO PLD)00011252992
6273140742690236393839       0000001000               Jaivyon  Luncheon       1321180371252993
705                                        One-Time Transfer from USAA(EXT OAO PLD)00011252993
627101205681399000007246385960004561489               Kieran  Flaherty        1321180371252994
705                                        One-Time Transfer from Fidelity(EXT OAO)00011252994
62712430321415174304000905   0000050000               LARRY  GILMORE          1321180371252995
705                                  One-Time Transfer from GREEN DOT BANK(EXT OAO)00011252995
62712430321415174304000905   0000050000               LARRY  GILMORE          1321180371252996
705                                  One-Time Transfer from GREEN DOT BANK(EXT OAO)00011252996
627101205681399000007391083840001200000               Stephen Robib Dupree    1321180371252997
705                                          One-Time Transfer from UMB NA(EXT OAO)00011252997
627323070380485015702400     0000001000               Ryan Donald Gantz       1321180371252998
705                             One-Time Transfer from Bank of America(EXT OAO PLD)00011252998
627323070380485015702400     0000002000               Ryan Donald Gantz       1321180371252999
705                             One-Time Transfer from Bank of America(EXT OAO PLD)00011252999
62732307588013275748         0000000500               Untima  Navarat Na Ayu  1321180371253000
705              One-Time Transfer from OnPoint Community Credit Union(EXT OAO PLD)00011253000
62732307588013275748         0000002500               Navarat Na Ayuttaya, U  1321180371253001
705              One-Time Transfer from OnPoint Community Credit Union(EXT OAO PLD)00011253001
62732307588013275748         0000001000               Navarat Na Ayuttaya, U  1321180371253002
705              One-Time Transfer from OnPoint Community Credit Union(EXT OAO PLD)00011253002
6271230068002689580021       0000000500               Billy N Chavez          1321180371253003
705                                 One-Time Transfer from Wells Fargo(EXT OAO PLD)00011253003
6271230068002689580021       0000001000               Billy N Chavez          1321180371253004
705                                 One-Time Transfer from Wells Fargo(EXT OAO PLD)00011253004
6271230068002689580021       0000002500               Billy N Chavez          1321180371253005
705                                 One-Time Transfer from Wells Fargo(EXT OAO PLD)00011253005
6273030854765805823          0000000500               Desaree  Fails          1321180371253006
705             One-Time Transfer from COMMUNICATIONS FEDERAL CREDIT UNION(EXT OAO)00011253006
6273030854765805823          0000001000               Fails, Desaree          1321180371253007
705             One-Time Transfer from COMMUNICATIONS FEDERAL CREDIT UNION(EXT OAO)00011253007
6271210428828599944819       0000000500               Zhipeng  Chen           1321180371253008
705                                 One-Time Transfer from Wells Fargo(EXT OAO PLD)00011253008
6271210428828599944819       0000005000               Chen, Zhipeng           1321180371253009
705                                 One-Time Transfer from Wells Fargo(EXT OAO PLD)00011253009
637125000024138072721137     0025000000               Ryan C Stafford         1321180371253010
705                             One-Time Transfer from Bank of America(EXT OAO PLD)00011253010
6273232744611400340004       0002000000               Kari S Edwards          1321180371253011
705                  One-Time Transfer from Oregon Community Credit Union (EXT OAO)00011253011
6272213733831709600430       0000000500               steven J kapka          1321180371253012
705              One-Time Transfer from Broadview Federal Credit Union(EXT OAO PLD)00011253012
6272213733831709600430       0000001000               steven J kapka          1321180371253013
705              One-Time Transfer from Broadview Federal Credit Union(EXT OAO PLD)00011253013
6273250814033624560939       0006100000               Arthur  Watson          1321180371253014
705                   One-Time Transfer from BOEING EMPLOYEES CREDIT UNION(EXT OAO)00011253014
6273250814033624560939       0006400000               Arthur  Watson          1321180371253015
705                   One-Time Transfer from BOEING EMPLOYEES CREDIT UNION(EXT OAO)00011253015
627063100277229056615851     0000000500               Dora  Moore             0321180371253016
627063100277229056615851     0000001000               Moore, Dora             0321180371253017
63703117611036255128123      0004500000               Cindy  O'Connell        1321180371253018
705                                     One-Time Transfer from Capital One(EXT OAO)00011253018
6271230068003974949608       0000000500               Tina  Kasuba            1321180371253019
705                                     One-Time Transfer from Wells Fargo(EXT OAO)00011253019
6271230068003974949608       0000001000               Kasuba, Tina            1321180371253020
705                                     One-Time Transfer from Wells Fargo(EXT OAO)00011253020
6273211803799322765083       0000001000               Freddy  Martinez        1321180371253021
705                            One-Time Transfer from FIRST TECHNOLOGY FCU(EXT OAO)00011253021
627063214312207641840883     0000010000               Sonia  Begnana          1321180371253022
705                                         One-Time Transfer from PNC(EXT OAO PLD)00011253022
627063214312207641840883     0000010000               Sonia  Begnana          1321180371253023
705                                         One-Time Transfer from PNC(EXT OAO PLD)00011253023
62709601741811152594596253   0005000000               Selena M Deckelmann     1321180371253024
705                                  One-Time Transfer from GREEN DOT BANK(EXT OAO)00011253024
627084009519317572067404928  0000001000               Zareen  Kabir           1321180371253025
705                            One-Time Transfer from EVOLVE BANK ANDTRUST(EXT OAO)00011253025
627084009519317572067404928  0000002500               Zareen  Kabir           1321180371253026
705                            One-Time Transfer from EVOLVE BANK ANDTRUST(EXT OAO)00011253026
62721139182541354051         0000005000               Sandeep Reddy Pochampa  1321180371253027
705                One-Time Transfer from Digital Federal Credit Union(EXT OAO PLD)00011253027
627124303243400214403752     0000000500               Shanoob  Padinjare Pal  1321180371253028
705                            One-Time Transfer from American Express(EXT OAO PLD)00011253028
627124303243400214403752     0000002000               Padinjare Palla, Shano  1321180371253029
705                            One-Time Transfer from American Express(EXT OAO PLD)00011253029
6273250707602570013480       0000900000               Elaine  Werner          1321180371253030
705                                 One-Time Transfer from JP Morgan Chase(EXT OAO)00011253030
627123000220153656391619     0000000500               Ngan  Doan              1321180371253031
705                                        One-Time Transfer from US Bank (EXT OAO)00011253031
627123000220153656391619     0000001000               Ngan  Doan              1321180371253032
705                                        One-Time Transfer from US Bank (EXT OAO)00011253032
6272560749747183628481       0000000500               Emmanuel  St Louis      1321180371253033
705                   One-Time Transfer from Navy Federal Credit Union(EXT OAO PLD)00011253033
6272560749747183628481       0000001000               Emmanuel  St Louis      1321180371253034
705                   One-Time Transfer from Navy Federal Credit Union(EXT OAO PLD)00011253034
627322271627923588328        0000000500               Iakym  Abliazov         1321180371253035
705                          One-Time Transfer from JPMORGAN CHASE BANK NA(EXT OAO)00011253035
627322271627923588328        0000001000               Iakym  Abliazov         1321180371253036
705                          One-Time Transfer from JPMORGAN CHASE BANK NA(EXT OAO)00011253036
627322271627923588328        0000002500               Iakym  Abliazov         1321180371253037
705                          One-Time Transfer from JPMORGAN CHASE BANK NA(EXT OAO)00011253037
62703117611036239737600      0000000500               Cherie  Olaye           1321180371253038
705                                 One-Time Transfer from Capital One(EXT OAO PLD)00011253038
637124085066320044787406     0001000000               Sean  Nakamura          1321180371253039
705                            One-Time Transfer from American Express(EXT OAO PLD)00011253039
62703117611036239737600      0000001000               Olaye, Cherie           1321180371253040
705                                 One-Time Transfer from Capital One(EXT OAO PLD)00011253040
637011400495009202517851     0000002500               Arunabha  Mukherjee     1321180371253041
705                              One-Time Transfer from BANK OF AMERICA NA(EXT OAO)00011253041
637011400495009202517851     0000050000               Arunabha  Mukherjee     1321180371253042
705                              One-Time Transfer from BANK OF AMERICA NA(EXT OAO)00011253042
62703130295515004243284665   0000000800               Chidingozi Grace Chike  1321180371253043
705                                    One-Time Transfer from M AND T BANK(EXT OAO)00011253043
62703130295515004243284665   0000001500               Chikezie, Chidingozi G  1321180371253044
705                                    One-Time Transfer from M AND T BANK(EXT OAO)00011253044
6273211803795023202          0000001000               Andrei  Comisioneru     1321180371253045
705                            One-Time Transfer from FIRST TECHNOLOGY FCU(EXT OAO)00011253045
6371211020361150383721       0000000500               Kimberly  LeClaire      1321180371253046
705                                  One-Time Transfer from MECHANICS BANK(EXT OAO)00011253046
6371211020361150383721       0000010000               Kimberly  LeClaire      1321180371253047
705                                  One-Time Transfer from MECHANICS BANK(EXT OAO)00011253047
6271240031161142361748       0000000500               Jesus  Paleo Diego      1321180371253048
705                                   One-Time Transfer from Ally Bank(EXT OAO PLD)00011253048
6271240031161142361748       0000001000               Paleo Diego, Jesus      1321180371253049
705                                   One-Time Transfer from Ally Bank(EXT OAO PLD)00011253049
6272560749747144278780       0000000500               Devonte  Moss           1321180371253050
705                       One-Time Transfer from NAVY FEDERAL CREDIT UNION(EXT OAO)00011253050
6272560749747144278780       0000001000               Devonte  Moss           1321180371253051
705                       One-Time Transfer from NAVY FEDERAL CREDIT UNION(EXT OAO)00011253051
627031101334310057942139     0000000500               Shuqing  Li             1321180371253052
705                  One-Time Transfer from SOFI BANK NATIONAL ASSOCIATION(EXT OAO)00011253052
627031101334310057942139     0000001000               Li, Shuqing             1321180371253053
705                  One-Time Transfer from SOFI BANK NATIONAL ASSOCIATION(EXT OAO)00011253053
627028000121001000002314721970000000500               albert Byungoh kang     1321180371253054
705                                       One-Time Transfer from Chase(EXT OAO PLD)00011253054
6273250707603023035054       0007500000               Sivakumar S Radhakrish  1321180371253055
705                          One-Time Transfer from JPMORGAN CHASE BANK NA(EXT OAO)00011253055
6273211803799324810291       0000000500               Lucius Sullivan Shield  1321180371253056
705                            One-Time Transfer from FIRST TECHNOLOGY FCU(EXT OAO)00011253056
6273211803799324810291       0000001000               Shields, Lucius S.      1321180371253057
705                            One-Time Transfer from FIRST TECHNOLOGY FCU(EXT OAO)00011253057
627123000220153695814522     0000010000               Thomas Lee Laeser       1321180371253058
705                                      One-Time Transfer from US BANK NA(EXT OAO)00011253058
627123002011370932034975     0000000500               Asit  Patel             1321180371253059
705                                     One-Time Transfer from KeyBank(EXT OAO PLD)00011253059
627123002011370932034975     0000010000               Asit  Patel             1321180371253060
705                                     One-Time Transfer from KeyBank(EXT OAO PLD)00011253060
627121202211440053437917     0000000500               Ryan Daniel Vance       1321180371253061
705                             One-Time Transfer from Charles Schwab Bank(EXT OAO)00011253061
627121202211440053437917     0000001000               Ryan Daniel Vance       1321180371253062
705                             One-Time Transfer from Charles Schwab Bank(EXT OAO)00011253062
627121202211440053437917     0000002500               Ryan Daniel Vance       1321180371253063
705                             One-Time Transfer from Charles Schwab Bank(EXT OAO)00011253063
82000002842022134562000124360789000000000000321180379                          321180370000011
5200Rogue Credit Union                  323274775 CORCK-WTH    0811252508112231321180370000012
6263232747756257572          0000000000               William Stephens        1321180371253064
798C01323274776823481      321180379353506984                                  321180371253064
82000000020032327477000000000000000000000000323274775                          321180370000012
5200NSM DBAMR.COOPER888-480-2432        0000452701CORNSM DBAMR 2508092508112231321180370000013
6260210000219302850412       00000000007816744        RICHARD *RHOADES      S 1321180371253065
798C01021000021468697      321180379353546535                                  321180371253065
820000000200021000020000000000000000000000000000452701                         321180370000013
5200BLUEGREEN VACATI                    1780300793CORMTG PMT   0808252508122241321180370000014
6260631002779348198376       00000000000002443140     MICHAEL    VEIT         1321180371253066
798C01063100276859869      321180379353489181                                  321180371253066
820000000200063100270000000000000000000000001780300793                         321180370000014
5200PROG DIRECT INS BRANCH16DEBIT  ACH  9409348062CORINS PREM  2508112508122241321180370000015
6260210000219346403596       0000000000966093321 AbhisAbhishek Kumar Tiwari R 1321180371253067
798C01021000023564648      321180379353725857                                  321180371253067
820000000200021000020000000000000000000000009409348062                         321180370000015
5220DFAS-IN  IND, INDO SYMBOL 3801-JUMPS3102036503CORAF PAY J  2508152508152271321180370000016
6311020365039333401256       0000000000542615607      REYNOLDS BENTON ADAM  011321180371253068
798C01102036500332970      321180379353726996                                  321180371253068
822000000200102036500000000000000000000000003102036503                         321180370000016
5200VERIZON WIRELESS                    4223344794CORPAYMENTS  2508112508122241321180370000017
62602100002100009341859321   00000000000673456445000010000000067345644500001131321180371253069
798C01021000024008487      321180379353612824                                  321180371253069
820000000200021000020000000000000000000000004223344794                         321180370000017
5200APS electric pmt                    1860011170CORPAYMENTS  2508082508122241321180370000018
626021000021342780913        00000000002971684259     Autopay                 1321180371253070
798C01021000022197889      321180379353567960                                  321180371253070
820000000200021000020000000000000000000000001860011170                         321180370000018
5200ATT                                 9864031004CORPAYMENT   0808252508092231321180370000019
6260311002099341770643       0000000000811695003EPAYU Family Name             1321180371253071
798C01031100204265648      321180379353743298                                  321180371253071
820000000200031100200000000000000000000000009864031004                         321180370000019
5200LINCARE INC     FIRST TECH FCU B    M391165550CORBILL PAYMT2508052508112231321180370000020
6260514005079324558239       0000000000    15895305   FREDERIKSEN ROBERT      1321180371253072
798C01051400503905980      321180379352583711                                  321180371253072
82000000020005140050000000000000000000000000M391165550                         321180370000020
5200CITI AUTOPAY                        CITICARDAPCORPAYMENT   2508082508112231321180370000021
6260914096819339792641       0000000000291771137690361SHELLEY BECK            1321180371253073
798C01091409688890203      321180379353589527                                  321180371253073
82000000020009140968000000000000000000000000CITICARDAP                         321180370000021
5200ST PETER LUTHERAFIRST TECH FCU B    M391165550CORBILL PAYMT2508052508112231321180370000022
6260514005079347119688       0000000000    ENVELOPE #7LATZKE CRAIG            1321180371253074
798C01051400503596453      32118037713393908                                   321180371253074
82000000020005140050000000000000000000000000M391165550                         321180370000022
5200ARCHDIOCESE OF PFIRST TECH FCU B    M391165550CORBILL PAYMT2508052508112231321180370000023
6260514005079341116177       0000000000    J&L TURNER TURNER JEFFERY          1321180371253075
798C01051400503724779      321180379352651336                                  321180371253075
82000000020005140050000000000000000000000000M391165550                         321180370000023
5200OnPoint CU                          323075880 CORCK-WTH    0809252508112231321180370000024
6263230758806257572          0000000000               William Stephens        1321180371253076
798C01323075883082335      321180379353506984                                  321180371253076
82000000020032307588000000000000000000000000323075880                          321180370000024
5200BARCLAYCARD US                      2510407970CORCREDITCARD      2508112231321180370000025
6260260025749335667201       00000000001298362955     JAIME PIRNIE          S 1321180371253077
798C01026002578588493      321180379353583405                                  321180371253077
820000000200026002570000000000000000000000002510407970                         321180370000025
5200CITI CARD ONLINE                    CITICTP   CORPAYMENT   2508102508112231321180370000026
6260914096815022601          0000000000431771869803563ROBERT W DOYLE        S 1321180371253078
798C01091409681042579      321180379353729164                                  321180371253078
82000000020009140968000000000000000000000000CITICTP                            321180370000026
5200MASA                                2330903620COR2206302   2508102508112231321180370000027
6261040000169341859321       0000000000ECDIGMO        CAROL MEFFFORD        S 1321180371253079
798C01104000011714512      321180379353612824                                  321180371253079
820000000200104000010000000000000000000000002330903620                         321180370000027
9000027000070000006367267287820000127837437000127837437                                       
9999999999999999999999999999999999999999999999999999999999999999999999999999999999999999999999
9999999999999999999999999999999999999999999999999999999999999999999999999999999999999999999999
9999999999999999999999999999999999999999999999999999999999999999999999999999999999999999999999
9999999999999999999999999999999999999999999999999999999999999999999999999999999999999999999999
9999999999999999999999999999999999999999999999999999999999999999999999999999999999999999999999
9999999999999999999999999999999999999999999999999999999999999999999999999999999999999999999999
9999999999999999999999999999999999999999999999999999999999999999999999999999999999999999999999
9999999999999999999999999999999999999999999999999999999999999999999999999999999999999999999999
